2708 4900
271 519 314 590 a.
389 465 1129 586 nrssarr‘r'nrrorrrsnoarca

238 679 621 782 ‚ratnslmexmopnon
636 697 744 780 addit,
768 701 841 763 cum
859 681 995 772 eontra,
1017 677 1158 774 quacior
1169 682 1248 778 Cy·

271 847 339 902 runt
367 828 474 896 minus
500 824 702 908 pertineant,
726 811 864 892 omittat.
911 823 1025 900 ltaque
1053 805 1153 886 tradit*
1167 818 1250 900 qui·

271 961 338 1026 dem
357 972 434 1024 natu
451 957 608 1044 majorem
622 947 722 1018 lilium
745 951 778 1018 in
796 948 906 1017 aetatis
926 935 1006 1012 flore
1026 935 1188 1027 periisse,
1210 957 1248 1010 et

268 1103 415 1171 patrem,
435 1083 475 1149 iis
488 1078 718 1147 calamitatibus
729 1061 894 1160 pressum,
911 1067 1085 1135 Oracolum
1100 1066 1243 1151 adiisse3

270 1212 328 1278 sed
351 1209 515 1292 quomodo
542 1216 689 1294 mortuus
717 1204 781 1281 sit,
814 1201 853 1266 ad
872 1193 1104 1278 Xenophontis
1132 1191 1245 1277 operis

269 1335 440 1402 consillum
457 1351 523 1399 non
534 1334 685 1414 pertinet.
721 1333 770 1394 Ita
789 1327 880 1391 etiam
893 1318 1076 1402 accipienda
1093 1298 1247 1386 videntur

272 1481 308 1526 ea
327 1462 367 1525 de
385 1469 474 1522 muto
491 1455 585 1541 fillo;
619 1473 691 1524 nam
714 1456 778 1520 hoc
809 1453 928 1517 factum
953 1444 1080 1512 videtur
1093 1445 1132 1512 in
1150 1445 1244 1511 urbis

272 1587 376 1669 ipsios
404 1585 658 1670 expugnatione,
689 1581 851 1650 nesciente
879 1579 985 1662 Cyro.
1032 1569 1151 1640 Narrat
1170 1574 1247 1656 qui.

272 1719 344 1783 dem
376 1713 559 1796 Xenophon
575 1710 734 1776 Croesum
760 1730 953 1795 magnopere
971 1700 1150 1786 metuisse,
1166 1695 1249 1772 nea
1312 1741 1316 1754 ι

275 1841 436 1910 militibus
464 1839 664 1916 irruentibus
691 1825 987 1916 occidentanae
1005 1835 1153 1918 Cyrum,
1176 1834 1245 1900 hoe

275 1969 444 2049 cognito,
462 1968 502 2031 ad
532 1983 604 2028 eum
630 1961 819 2043 pervenisse
845 1967 889 2027 et'
905 1961 1057 2029 custodes
1084 1961 1112 2024 ei
1142 1977 1249 2042 appo-

264 2090 392 2158 suisse.
435 2089 559 2154 Eodem
579 2087 675 2152 modo
699 2099 809 2151 eorum
831 2099 899 2150 non
925 2089 1118 2154 mentionem
1141 2085 1249 2170 fecit,

274 2233 378 2298 quae,
400 2227 570 2296 antequam
592 2212 783 2298 imperavit,
810 2211 838 2275 ei
872 2215 1111 2297 contigerunt3
1141 2226 1174 2278 et
1203 2227 1244 2277 ca

275 2343 391 2411 Croesi
407 2341 491 2412 facta
509 2350 576 2411 non
596 2341 752 2422 tradidit,
771 2355 949 2423 postquam
967 2339 1135 2424 imperium
1152 2337 1254 2420 adep.

218 2481 225 2489 '
263 2487 330 2540 tus
349 2484 457 2551 esset,
491 2487 571 2553 quae
596 2473 636 2537 ad
666 2469 773 2552 operis
796 2469 1003 2552 propositum
1024 2486 1107 2534 uon
1122 2463 1255 2532 condu-

266 2613 349 2663 cere
368 2613 468 2676 posse
484 2596 631 2674 putabat.
677 2575 831 2659 Fortasse
853 2608 958 2656 autern
987 2587 1104 2668 aliquis
1136 2584 1250 2671 dicat,

277 2725 359 2788 lrarrc
386 2715 572 2783 sententiaro
601 2733 669 2778 non
696 2714 730 2778 in
759 2711 909 2776 omnibus
928 2712 972 2804 ita
995 2731 1068 2800 esse
1089 2713 1253 2804 aecipien-

277 2850 384 2928 dam,
399 2835 437 2907 ¹et
463 2853 498 2906 ut
524 2831 587 2902 hoc
616 2833 799 2922 ostendat,
839 2831 873 2906 in
900 2831 1051 2909 auxilium
1076 2858 1212 2922 reuocet
1237 2854 1298 2912 a‘:

271 2969 496 3054 ¹Xenophonte
525 2961 653 3044 quidem
679 2959 782 3032 fuisse
799 2967 974 3052 traditum,
999 2975 1088 3053 quod
1104 2971 1251 3042 Croesus

285 3103 459 3172 oraculum
489 3092 683 3178 Delphicum
710 3095 824 3163 adierit
851 3108 888 3162 ut
903 3099 1119 3185 exploraret,
1141 3119 1252 3172 utrum

269 3249 356 3300 ⁴vera
378 3225 589 3312 responderet
613 3220 747 3305 Pythia:
772 3222 830 3287 sed
859 3222 1011 3306 minime,
1033 3241 1072 3293 ut
1101 3211 1254 3296 Herodo·
1287 3205 1294 3226 ’
1334 3289 1335 3304 ,

282 3361 372 3433 tus,
393 3350 572 3436 indicasse,
608 3369 671 3430 qua
698 3369 732 3417 re
761 3347 893 3417 Oraculi
916 3347 1079 3418 veritatem
1099 3369 1252 3438 expertus

270 3493 383 3548 vesset.
433 3477 552 3542 Fateor
586 3473 708 3556 aliquid
736 3475 768 3542 ln
797 3477 856 3543 hac
887 3479 1094 3564 oppositione
1122 3480 1253 3563 inesse,
1334 3467 1335 3494 ³

287 3607 376 3691 quod
398 3601 503 3688 primo
532 3599 649 3668 obtutu
671 3601 854 3670 verosimile
874 3621 943 3670 esse
970 3606 1090 3688 possit.
1135 3583 1204 3676 sed
1224 3609 1252 3676 si

285 3735 396 3818 paullo
423 3726 602 3796 accuratius
629 3728 843 3812 inspiciamus
861 3747 891 3798 et
911 3735 1140 3818 Xenophontis
1159 3739 1255 3807 tradi·
1334 3699 1335 3792 ι

292 3855 401 3926 tiones
428 3872 501 3922 cum
529 3851 600 3924 aliis
633 3875 881 3946 comparemus,
911 3880 993 3936 non¹
1008 3863 1148 3934 difficilis
1178 3861 1256 3938 mihi

1209 4013 1253 4061 vr·
1334 4013 1335 4054 3
