2708 4900
134 384 138 400 f
224 441 256 550 ᾖ
330 443 883 518 attractata,
982 451 1086 547 47

127 633 282 700 Croesum
315 649 384 698 nou
414 634 507 717 princ
533 635 632 702 rerba
661 633 832 704 fauentem
858 635 953 702 tradit
980 640 1094 710 xeno·

127 759 241 843 plion,
265 772 361 841 quarn
385 756 492 824 victor
514 757 624 844 jussit.
667 762 768 842 Apud
796 761 997 830 Herodotum
1018 771 1092 837 lon.

58 867 61 872 ¹
128 904 171 968 ge
194 884 324 951 duriora
340 884 482 968 patitur3
506 904 620 970 rogum
634 887 738 949 adhuc
757 885 878 966 videt;
901 888 1036 957 flammis
1056 914 1093 960 re

123 1004 179 1080 rix'
197 1027 342 1092 ereptum
360 1027 519 1094 revocat,
544 1027 578 1074 et
595 1009 704 1088 itaque
720 1009 822 1072 molto
839 1011 938 1094 magis
956 1021 1094 1086 tacuisse

124 1105 255 1204 vitietur
271 1128 441 1217 Croeaut,
470 1134 656 1202 etnonnisi
674 1135 755 1216 Cyri
771 1135 937 1222 rogatibus
960 1159 1096 1226 respon.

128 1267 230 1332 disse.
273 1265 379 1332 Etiam
404 1265 633 1333 'attendendum
661 1261 789 1328 ridetur
810 1265 851 1330 ad
877 1266 962 1332 illam
991 1269 1098 1334 Hero.

129 1393 199 1458 doti
224 1389 462 1472 narrationem,
485 1393 587 1472 quod.
604 1409 720 1475 nempe
744 1391 896 1473 vincola,
931 1397 1097 1480 Apollinis

125 1519 289 1585 deridendi
303 1539 439 1598 mussa,
458 1519 609 1599 Delphos
626 1519 750 1586 miserit
767 1520 930 1616 Croesua.
977 1525 1030 1590 Ex
1050 1527 1100 1610 ip·

129 1663 171 1712 ao
202 1645 373 1726 Herodoto
397 1647 479 1717 hane
510 1645 727 1711 narrationem
756 1644 921 1710 ridiculam
951 1667 1024 1714 ease
1044 1672 1103 1734 ap-

131 1783 236 1855 paret.
279 1769 387 1850 Nam,
418 1787 459 1834 ne
484 1769 627 1834 dicamus
653 1789 711 1850 per
737 1784 837 1836 totam
866 1774 964 1839 vitam
988 1795 1104 1858 super.

40 1929 46 1935 ·
123 1897 259 1964 etitioni
283 1895 619 1978 populari'addictum
648 1895 752 1964 fuisse
776 1899 960 1983 Croesum,
992 1906 1099 1969 solum

123 2021 412 2089 animadvertimus
439 2023 546 2106 ipsum
573 2023 679 2091 fnisse
705 2024 916 2108 Apollinem,
948 2026 1029 2108 qui,
1051 2027 1104 2098 in·

132 2149 220 2232 genti
248 2149 351 2213 imbre
373 2149 511 2230 effuso,
540 2152 675 2216 flammis
700 2169 773 2214 eum
801 2152 942 2233 eripuit;
966 2154 1029 2219 hoc
1054 2153 1104 2220 fe·

124 2274 218 2338 elsae
236 2273 423 2354 Apollinem
441 2274 566 2340 sciebat
582 2277 750 2364 Croesus,
773 2292 845 2340 nam
860 2275 901 2340 ab
921 2278 995 2358 ipso
1012 2277 1104 2342 aoxi-

121 2397 211 2464 -linm
232 2399 377 2479 petierat.
421 2396 516 2462 Nihil
535 2395 645 2478 itaque
662 2398 806 2466 veritatis
831 2397 1001 2464 tribuimus
1026 2399 1100 2464 huic

130 2521 280 2603 fabulae,
305 2543 427 2603 quom,
445 2523 543 2590 nobis
556 2524 743 2609 jndicibus,
764 2543 914 2616 constet,
938 2524 1101 2592 hominem

117 2669 199 2716 mon
218 2649 387 2717 irrisorum
411 2668 482 2720 esse
507 2652 640 2732 Deum,
663 2671 766 2734 aquo
796 2655 894 2734 paulo
914 2667 988 2718 ante
1004 2649 1102 2720 viam

130 2795 319 2862 acceperat:
343 2785 455 2847 saltem
475 2783 533 2865 qui
554 2787 624 2868 ejus
640 2780 739 2848 vitam
761 2775 931 2850 manifesto
954 2798 1103 2850 servave-

133 2922 193 2974 rat:
237 2909 391 2973 Putamus
420 2920 524 2970 autem
551 2909 754 2972 Herodotum
779 2903 927 2972 attulisse
953 2909 1101 2988 vulgatae

134 3029 282 3112 fabulas,
307 3051 389 3114 quae
415 3033 450 3099 iu
475 3052 531 3132 ore
559 3033 650 3116 volgi
680 3045 777 3098 erant-
796 3031 921 3117 (68),
944 3044 999 3112 et,
1024 3030 1100 3098 dum

134 3160 291 3228 narrando
325 3162 607 3247 propagabantur,
638 3164 724 3231 vires
745 3163 852 3230 eundo
876 3161 1100 3246 accipiebant,

131 3289 299 3372 magisque
317 3287 434 3369 etiam,
457 3303 492 3354 ut
509 3290 543 3356 in
560 3287 714 3371 Oriente,
736 3290 943 3364 ornabantur.

173 3417 271 3502 Quae
291 3417 421 3486 Ctesias
444 3419 540 3490 tradit
566 3420 605 3486 de
619 3435 776 3503 spectro,
800 3442 867 3506 quo
886 3425 1031 3494 Croeaua
1047 3426 1102 3494 dc-

246 3536 250 3545 “
1029 3570 1106 3636 cep-

165 3725 240 3794 (68)
260 3729 339 3782 Conl'·
362 3743 573 3789 ratramno.
593 3732 628 3781 od
650 3732 742 3787 Herod,
764 3748 822 3800 pag.
843 3747 884 3800 99.
904 3733 931 3786 in
950 3747 1035 3794 nnat,
1059 3740 1102 3794 ed.

113 3825 116 3840 ·
135 3816 338 3878 swelabeaorerl.
577 3863 580 3870 .

173 3949 176 3956 ,
646 3903 677 3970 K
700 3924 719 3987 3
