2690 4906
243 481 264 528 a
361 454 732 528 DISSERTATIO
776 456 1092 527 HISTORICA

241 589 454 712 Academiam
453 623 591 711 delatus
620 627 849 740 animadverti,
871 641 901 710 si
925 640 1038 726 viam,
1064 660 1148 726 quae
1174 637 1288 712 ad

239 789 356 842 rectam
382 735 535 838 historiae
563 770 781 858 cognitionem
812 770 965 852 duceret,
988 769 1119 856 ingredi
1144 775 1217 839 vei·

238 904 323 978 iem,
346 910 488 965 veterum
506 893 702 980 scriptorum
719 913 922 966 monumenta
940 895 1019 963 mihi
1037 915 1113 964 esse
1137 917 1215 981 per·

237 1023 418 1094 scrutanda.
463 1019 516 1088 Ab
540 1016 581 1088 iis
600 1017 699 1105 igitur
716 1019 843 1088 initium
864 1023 1009 1106 ducens,
1032 1022 1093 1106 qui
1114 1023 1212 1092 intel·
1332 1017 1333 1022 ’

237 1145 326 1222 lectu
358 1162 434 1216 sunt
468 1143 655 1229 faciliores,
686 1147 882 1218 Graecorum
914 1147 1209 1230 Romanorumque

236 1277 430 1362 scriptorum
463 1271 634 1368 lectionem
657 1270 887 1366 continuari,
903 1287 1000 1366 qpaql
1022 1275 1061 1342 in
1087 1275 1216 1342 scholis

236 1403 442 1486 inceperam,
476 1399 642 1481 paullatim
675 1400 829 1508 deinceps
854 1399 1057 1469 difficiliores
1081 1401 1213 1487 aggredi

235 1545 333 1596 ausus
360 1503 668 1596 summram
653 1547 693 1596 m
721 1501 865 1594 modum
879 1529 1111 1614 unusquisque
1138 1527 1216 1600 fere

235 1653 315 1723 miiri
338 1655 502 1740 placabat:
525 1653 582 1724 'sed
603 1651 792 1734 servabam,
815 1672 880 1736 quo
907 1651 1011 1722 semet
1026 1677 1124 1742 puer
1120 1659 1207 1728 foe·

232 1801 298 1848 ram
324 1781 487 1866 imbutus,
511 1782 676 1870 Historiae
696 1803 858 1864 amorerat
878 1745 953 1862 hinc
970 1803 1046 1868 prae
1067 1775 1217 1866 reliquis

237 1883 447 1990 Historicos,
472 1913 578 1992 quoad
597 1914 667 1980 fieri
694 1902 841 1997 poterat,
864 1893 1014 1984 accurate
1031 1912 1205 1996 legebam3

235 2047 267 2099 et
292 2032 335 2101 ita
364 2035 531 2121 legebam,
554 2055 592 2107 ut
617 2040 764 2124 singulos
789 2038 873 2106 inter
900 2057 936 2106 se
957 2055 1207 2122 compararem,

232 2141 409 2242 eorumque
424 2159 605 2237 dissensum
618 2163 1203 2254 nsiconsensumanimadverterem,

230 2304 261 2356 et
293 2289 327 2358 in
356 2291 615 2380 uniuscnjusque
646 2295 740 2364 fidem
772 2296 1056 2378 auctoritatemque
1090 2291 1205 2376 inqui·

229 2407 517 2500 rens,'notarem,
542 2421 621 2508 quid
643 2421 683 2486 de
706 2423 843 2507 singulis
868 2420 1071 2490 statuendum
1098 2431 1203 2484 esser.

227 2537 328 2617 Saepe
356 2556 407 2602 me
430 2555 551 2630 eptasse
575 2543 692 2624 postea
711 2545 857 2624 competi
876 2561 915 2614 eg
936 2546 1118 2618 Doctorum
1138 2541 1203 2610 Vi·

144 2713 147 2723 ,
231 2682 341 2728 rorum
370 2661 722 2745 animadversionibus3
747 2661 808 2728 hos
833 2677 938 2728 autem
968 2631 1097 2740 errores
1119 2655 1203 2737 mihi

228 2795 302 2890 lpse
324 2791 550 2908 ignoscebam,
572 2791 708 2883 conscio
723 2791 883 2884 juvenilis
895 2793 1022 2876 aeteus.
1066 2793 1213 2896 Interim¹

228 2903 343 2987 tertios
372 2921 434 3005 jam
460 2918 578 2988 exierat
603 2937 730 3006 annus3
755 2939 786 2990 et
809 2920 843 3012 ip
864 2941 903 3012 eo
923 2941 1029 3004 etam,
1051 2937 1088 2990 ut
1104 2942 1214 3008 argus.

227 3061 368 3119 mentum
389 3063 582 3146 quaererem
587 3045 826 3146 dissertationis
830 3049 1112 3148 conscribendae.
1134 3049 1197 3128 mi-

217 3125 363 3279 ¹hique
351 3191 384 3242 m
415 3188 568 3272 mentem.
583 3178 673 3246 venit
700 3176 929 3272 Xenophontis
959 3176 1215 3265 Cyropaediam

227 3304 271 3391 ad,
295 3301 389 3404 fidem
415 3302 606 3396 historicam
623 3303 769 3398 ‘exigerq
817 3302 1069 3391 ,Repetitionem
1094 3303 1213 3396 Igitur,

154 3487 156 3494 s
228 3427 355 3524 ipatimi
391 3425 540 3510 iectionis
571 3429 827 3520 xenophontem
838 3451 857 3515 ι.
873 3449 924 3501 eo
960 3428 1124 3520 coasilio,
1155 3447 1214 3504 ut.

229 3570 379 3650 notarem.
396 3572 460 3658 ea,
480 3571 565 3638 quae
580 3573 705 3652 ¹'notatu‘
719 3559 813 3646 digna
827 3561 879 3628 ad*
889 3555 1094 3654 propositum
1113 3577 1213 3654 con·=
1320 3547 1321 3554 '

230 3658 354 3778 dpeere.
373 3683 660 3772 pusseputaham.
704 3684 815 3778 Quum
836 3697 949 3776 autem
963 3683 1037 3777 ‚iam
1060 3664 1193 3771 aliquod

228 3811 386 3902 temporis
412 3812 564 3908 spatium¹¹
579 3813 655 3880 huic
685 3813 728 3908 tei
759 3812 956 3908 tribueram,
985 3811 1192 3914 animadverti

228 3933 485 4012 dissertationem
505 3938 538 4008 in
557 3937 652 4010 nimis
678 3937 819 4047 spissum
837 3941 990 4032 volumen
1010 3937 1213 4022 exituram„

1066 4097 1068 4101 ·
1150 4087 1179 4135 ιι
