2708 4900
259 509 262 516 ¹
342 443 910 585 restaurarem,
1061 497 1112 572 u

124 680 258 758 videtur
273 705 347 756 esse
370 677 448 756 haee
475 686 636 770 quaestio.
681 685 767 754 Nam
789 701 905 752 caussa
928 680 962 750 in
981 693 1099 766 copo·
1206 771 1210 780 1

124 815 191 882 sita
217 827 290 898 est,
315 813 406 896 quod
432 815 643 900 Xenophon,
667 829 741 882 cum
768 809 922 878 historiae
946 811 1103 880 narratio·

124 952 188 1008 tres
212 957 348 1024 prorsus
370 957 485 1022 negare
512 959 579 1006 non
595 939 746 1019 auderet,
771 950 876 1004 umen
898 943 1104 1028 superstitio·

121 1081 181 1129 sas
210 1063 326 1146 populi
343 1063 530 1130 traditiones
554 1060 728 1128 remiserit.
773 1061 883 1148 Quum
903 1065 1012 1150 itaque
1036 1062 1104 1135 He,

119 1190 264 1256 rodotus
289 1192 463 1266 memorat,
486 1189 646 1256 Croesum
667 1189 790 1272 legatos
807 1190 956 1276 misisse,
982 1208 1101 1262 tutuno

123 1309 378 1402 eodemquedie
397 1330 429 1382 et
455 1313 581 1395 quidem
601 1315 800 1400 centesimo,
826 1335 1000 1403 postquam
1023 1323 1103 1390 fue-

25 1431 28 1438 ⁴
126 1461 205 1514 rant
217 1444 385 1532 profecti,
405 1440 580 1510 Oracuium
600 1441 753 1526 quodque
769 1442 893 1514 adirent
903 1417 1103 1520 sciscitatum

125 1573 209 1656 quid
231 1573 376 1640 Croesus
406 1587 446 1635 eo
470 1567 522 1641 die
547 1581 679 1652 ageret,
702 1583 734 1635 et
756 1587 910 1653 responsa
930 1577 970 1642 ad
995 1597 1030 1644 se
1047 1581 1105 1646 de·
1134 1589 1137 1592 '

122 1699 274 1768 ferrentr
299 1696 445 1764 Croesum
472 1711 550 1764 tunc
564 1701 601 1762 in
626 1696 727 1790 lebete,
745 1697 844 1766 aheno
866 1703 1052 1770 testudinem
1069 1717 1101 1774 at

24 1885 29 1896 .
126 1842 250 1913 agnum
280 1829 426 1896 coxisset
458 1826 574 1899 ert-,tals
600 1842 793 1908 responsum
824 1847 843 1894 a
869 1827 1101 1904 Sacerdotibus

65 2031 73 2040 ,
127 1955 227 2023 etiam
257 1925 417 2039 accepisse
442 1952 559 2021 Croesi
587 1955 731 2044 legatos:
756 1953 835 2020 mihi
848 1945 1030 2038 ‘probabile
1049 1960 1099 2028 vi·

125 2084 224 2148 detur
250 2096 305 2148 aut
339 2079 500 2150 Croesum
530 2096 563 2150 et
597 2080 796 2150 Sacerdotes.
816 2083 982 2170 Apollinis
1014 2086 1100 2154 idem
1211 2132 1213 2140 ·

85 2281 88 2286 ,
127 2210 251 2278 factum
278 2227 379 2290 aeque
407 2209 580 2274 absurdum
594 2257 601 2264 -
615 2210 770 2280 miraculo
799 2212 958 2295 quodami
1004 2209 1103 2280 simul

127 2337 314 2422 cogitasse,
347 2349 402 2401 aut
431 2333 635 2400 Herodotum
663 2336 777 2404 initae
804 2357 839 2403 re
864 2345 1039 2423 narranda,
1063 2355 1102 2408 ut

128 2445 165 2537 in
186 2466 281 2542 aliis,
304 2466 404 2531 multa
426 2479 444 2528 a
462 2459 661 2529 Graecorum
689 2464 925 2550 superstitiosis
947 2468 1106 2536 narratio·

128 2594 228 2665 nibus
243 2591 480 2672 ‘adsumsissea
511 2603 583 2656 nam
610 2591 799 2663 Sacerdotes
824 2595 873 2664 iili
899 2613 957 2679 par
982 2595 1114 2664 entrem-

130 2741 202 2790 rum
231 2715 397 2804 perfidiam
429 2717 578 2802 profecto
592 2721 690 2787 seire
712 2739 779 2788 non
805 2738 1005 2808 potuerant,
1026 2721 1106 2810 quid

130 2845 278 2914 Croesus
307 2843 366 2908 illo
391 2840 443 2906 die
470 2819 614 2926 faeeret3
638 2821 820 2930 praecipue
836 2848 864 2915 si
882 2849 1108 2941 peregrinandi

132 2973 351 3043 difficultatem
378 2977 582 3050 cotempote
607 2971 808 3054 cogitemusr
830 2975 919 3054 qnod
942 2974 972 3040 si
990 2990 1105 3046 verum

133 3119 205 3182 est,
243 3096 324 3164 fides
349 3065 586 3184 i'ienophontis
605 3100 705 3185 magis
734 3099 899 3184 magisque
924 3097 998 3186 inde
1026 3103 1107 3174 mihi

44 3272 47 3282 ·
134 3245 279 3299 erescere
312 3223 464 3296 videtur:
495 3225 662 3320 ,narrantis
678 3225 806 3308 quidem
827 3225 987 3300 Croesum
1006 3221 1106 3302 a'rrim«

134 3357 312 3438 advertisse
334 3331 524 3424 ‘oraculum
548 3341 634 3423 ¹vera
659 3330 793 3424 diceret
822 3356 967 3428 addentis
1001 3375 1107 3433 tamen

123 3489 250 3558 deinde
266 3485 419 3556 ⁴sensisse
450 3465 645 3569 perabsurde
675 3501 710 3554 se
740 3503 833 3572 agere
861 3498 965 3572 quum'
987 3487 1105 3575 procul

136 3594 447 3698 Detphis-abessen-
555 3629 562 3678 ’.
593 3663 628 3686 -,
709 3661 713 3668 ·
798 3661 801 3668 -
